@ARTICLE{abacus,
       author = {{Garrison}, Lehman H. and {Eisenstein}, Daniel J. and {Ferrer}, Douglas and
         {Tinker}, Jeremy L. and {Pinto}, Philip A. and {Weinberg}, David H.},
        title = "{The Abacus Cosmos: A Suite of Cosmological N-body Simulations}",
      journal = {\apjs},
     keywords = {large-scale structure of universe, methods: numerical, Astrophysics - Cosmology and Nongalactic Astrophysics},
         year = "2018",
        month = "Jun",
       volume = {236},
       number = {2},
          eid = {43},
        pages = {43},
          doi = {10.3847/1538-4365/aabfd3},
archivePrefix = {arXiv},
       eprint = {1712.05768},
 primaryClass = {astro-ph.CO},
       adsurl = {https://ui.adsabs.harvard.edu/abs/2018ApJS..236...43G},
      adsnote = {Provided by the SAO/NASA Astrophysics Data System}
}


@ARTICLE{2009PhRvD..80d3005E,
       author = {{Erdo{\v{g}}du}, Pirin and {Lahav}, Ofer},
        title = "{Is the misalignment of the Local Group velocity and the dipole generated by the 2MASS Redshift Survey typical in {\ensuremath{\Lambda}} cold dark matter and the halo model of galaxies?}",
      journal = {\prd},
     keywords = {98.56.-p, 98.62.Py, 98.70.Vc, Local group, Magellanic Clouds, Distances redshifts radial velocities, spatial distribution of galaxies, Background radiations, Astrophysics - Cosmology and Extragalactic Astrophysics, Astrophysics - Galaxy Astrophysics},
         year = "2009",
        month = "Aug",
       volume = {80},
       number = {4},
          eid = {043005},
        pages = {043005},
          doi = {10.1103/PhysRevD.80.043005},
archivePrefix = {arXiv},
       eprint = {0906.3111},
 primaryClass = {astro-ph.CO},
       adsurl = {https://ui.adsabs.harvard.edu/abs/2009PhRvD..80d3005E},
      adsnote = {Provided by the SAO/NASA Astrophysics Data System}
}

%==========================================ADDED=================================================
@ARTICLE{2008ApJ...676..184T,
       author = {{Tully}, R. Brent and {Shaya}, Edward J. and {Karachentsev}, Igor D. and
         {Courtois}, H{\'e}l{\`e}ne M. and {Kocevski}, Dale D. and
         {Rizzi}, Luca and {Peel}, Alan},
        title = "{Our Peculiar Motion Away from the Local Void}",
      journal = {\apj},
     keywords = {dark matter, galaxies: distances and redshifts, large-scale structure of universe, Astrophysics, Astrophysics - Cosmology and Nongalactic Astrophysics},
         year = 2008,
        month = mar,
       volume = {676},
       number = {1},
        pages = {184-205},
          doi = {10.1086/527428},
archivePrefix = {arXiv},
       eprint = {0705.4139},
 primaryClass = {astro-ph},
       adsurl = {https://ui.adsabs.harvard.edu/abs/2008ApJ...676..184T},
      adsnote = {Provided by the SAO/NASA Astrophysics Data System}
}

@ARTICLE{2014MNRAS.441.2923C,
       author = {{Cautun}, Marius and {van de Weygaert}, Rien and {Jones}, Bernard J.~T. and
         {Frenk}, Carlos S.},
        title = "{Evolution of the cosmic web}",
      journal = {\mnras},
     keywords = {methods: data analysis, cosmology: theory, large-scale structure of Universe, Astrophysics - Cosmology and Nongalactic Astrophysics},
         year = 2014,
        month = jul,
       volume = {441},
       number = {4},
        pages = {2923-2973},
          doi = {10.1093/mnras/stu768},
archivePrefix = {arXiv},
       eprint = {1401.7866},
 primaryClass = {astro-ph.CO},
       adsurl = {https://ui.adsabs.harvard.edu/abs/2014MNRAS.441.2923C},
      adsnote = {Provided by the SAO/NASA Astrophysics Data System}
}

@ARTICLE{1989ApJ...338..654A,
       author = {{Aaronson}, M. and {Bothun}, G.~D. and {Cornell}, M.~E. and
         {Dawe}, J.~A. and {Dickens}, R.~J. and {Hall}, P.~J. and
         {Sheng}, Han Ming and {Huchra}, J.~P. and {Lucey}, J.~R. and
         {Mould}, J.~R. and {Murray}, J.~D. and {Schommer}, R.~A. and
         {Wright}, A.~E.},
        title = "{Large Peculiar Velocities in the Hydra-Centaurus Supercluster}",
      journal = {\apj},
     keywords = {Astronomical Photometry, Centaurus Constellation, Galactic Clusters, Peculiar Galaxies, Velocity Measurement, Brightness Distribution, Gravitational Fields, Hubble Constant, Infrared Astronomy Satellite, Line Spectra, Radio Telescopes, Relic Radiation, Astrophysics, COSMOLOGY, GALAXIES: CLUSTERING, GALAXIES: REDSHIFTS, RADIO SOURCES: GALAXIES, RADIO SOURCES: 21 CM RADIATION},
         year = 1989,
        month = mar,
       volume = {338},
        pages = {654},
          doi = {10.1086/167225},
       adsurl = {https://ui.adsabs.harvard.edu/abs/1989ApJ...338..654A},
      adsnote = {Provided by the SAO/NASA Astrophysics Data System}
}

@ARTICLE{2015ApJ...805..144K,
       author = {{Karachentsev}, Igor D. and {Tully}, R. Brent and {Makarova}, Lidia N. and
         {Makarov}, Dmitry I. and {Rizzi}, Luca},
        title = "{Peculiar Velocities of Galaxies in the Leo Spur}",
      journal = {\apj},
     keywords = {dark matter, galaxies: distances and redshifts, galaxies: dwarf, large-scale structure of universe, Astrophysics - Astrophysics of Galaxies},
         year = 2015,
        month = jun,
       volume = {805},
       number = {2},
          eid = {144},
        pages = {144},
          doi = {10.1088/0004-637X/805/2/144},
archivePrefix = {arXiv},
       eprint = {1503.06027},
 primaryClass = {astro-ph.GA},
       adsurl = {https://ui.adsabs.harvard.edu/abs/2015ApJ...805..144K},
      adsnote = {Provided by the SAO/NASA Astrophysics Data System}
}

@ARTICLE{1992ApJ...396..453H,
       author = {{Han}, M. and {Mould}, J.~R.},
        title = "{Peculiar Velocities of Clusters in the Perseus-Pisces Supercluster}",
      journal = {\apj},
     keywords = {Celestial Mechanics, Galactic Clusters, Spiral Galaxies, Astronomical Photometry, Kinematics, Radio Spectra, Velocity Distribution, Astrophysics, GALAXIES: CLUSTERING, GALAXIES: DISTANCES AND REDSHIFTS, GALAXIES: KINEMATICS AND DYNAMICS, GALAXIES: PHOTOMETRY, RADIO LINES: ATOMIC},
         year = 1992,
        month = sep,
       volume = {396},
        pages = {453},
          doi = {10.1086/171732},
       adsurl = {https://ui.adsabs.harvard.edu/abs/1992ApJ...396..453H},
      adsnote = {Provided by the SAO/NASA Astrophysics Data System}
}

@BOOK{1988ngc..book.....T,
       author = {{Tully}, R. Brent},
        title = "{Nearby galaxies catalog}",
         year = 1988,
       adsurl = {https://ui.adsabs.harvard.edu/abs/1988ngc..book.....T},
      adsnote = {Provided by the SAO/NASA Astrophysics Data System}
}

@BOOK{1987gady.book.....B,
       author = {{Binney}, James and {Tremaine}, Scott},
        title = "{Galactic dynamics}",
         year = 1987,
       adsurl = {https://ui.adsabs.harvard.edu/abs/1987gady.book.....B},
      adsnote = {Provided by the SAO/NASA Astrophysics Data System}
}

